@Misc{wiki-ruleta,
author = {Wikipedia},
title = {Ruleta},
howpublished = {\url{https://es.wikipedia.org/wiki/Ruleta}}
}
@Misc{wiki-uniforme-discreta,
author = {Wikipedia},
title = {Discrete uniform distribution},
howpublished = {\url{https://en.wikipedia.org/wiki/Discrete_uniform_distribution}}
}
@Misc{wiki-frecuencia,
author = {Wikipedia},
title = {Frequency (statistics) - relative frequency},
howpublished = {\url{https://en.wikipedia.org/wiki/Frequency_(statistics)#relative_frequency}}
}
@Misc{wiki-esperanza,
author = {Wikipedia},
title = {Expected value},
howpublished = {\url{https://en.wikipedia.org/wiki/Expected_value}}
}
@Misc{wiki-varianza,
author = {Wikipedia},
title = {Variance},
howpublished = {\url{https://en.wikipedia.org/wiki/Variance}}
}